@online { pierce-sf
        , title = {Software Foundations}
        , author = {Benjamin C. Pierce et al.}
        , date = {2015-01}
        , version = {3.2}
        , url = {https://www.cis.upenn.edu/~bcpierce/sf/current/index.html}
        , urldate={2016-01-06}
        }